


@misc{acutec precision aerospace inc. | linkedin, url={https://www.linkedin.com/company/acutec-precision-machining-inc.}}


 
 
 
 @misc{Fiber,
   author = "Wikipedia",
   title = "Synthetic fiber --- Wikipedia{,} The Free Encyclopedia",
   year = "2016",
   url = "https://en.wikipedia.org/w/index.php?title=Synthetic_fiber&oldid=748597731",
   note = "[Online; accessed 9-November-2016]"
 }


 @misc{FOD,
   author = "Wikipedia",
   title = "Foreign object damage --- Wikipedia{,} The Free Encyclopedia",
   year = "2016",
   url = "https://en.wikipedia.org/w/index.php?title=Foreign_object_damage&oldid=718355914",
   note = "[Online; accessed 3-May-2016]"
 }
 
 @misc{gates, title={Boeingâ€™s 2013 deliveries soar to record despite 787 woes}, url={http://old.seattletimes.com/html/businesstechnology/2022608721_boeingdeliveriesxml.html}, journal={modified January 7, 2014 at 11:58 AM}, publisher={Business and Technology }, author={Gates, Dominic}, editor={Business and TechnologyEditor}, year={2014}, month={Jan}}


@misc{auto, title={Auto Parts: Online Sales to Break $6 Billion in 2015}, url={https://hedgescompany.com/blog/2014/11/auto-parts-industry-trends-online-sales-break-6-billion-2015/}, journal={Hedges Company Blog}, author={blog-admin}, year={2016}}